%# -*- coding: utf-8-unix -*-
@article{ARconception,
  author =       {Huffington Post},
  title =        {The Lengthy History of Augmented Reality},
  year =         {2016},
  TypeofLit =    {EB/OL},
  url =          {http://images.huffingtonpost.com/2016-05-13-1463155843-8474094-AR_history_timeline.jpg},
}


@article{ARdriving,
  title =        {NVIDIA DRIVE SOFTWARE},
  url =          {https://www.nvidia.com/en-us/self-driving-cars/drive-platform/software/},
}

@article{billinghurst2002augmented,
  title={Augmented reality in education},
  author={Billinghurst, Mark},
  journal={New horizons for learning},
  volume={12},
  number={5},
  pages={1--5},
  year={2002}
}

@article{wu2013current,
  title={Current status, opportunities and challenges of augmented reality in education},
  author={Wu, Hsin-Kai and Lee, Silvia Wen-Yu and Chang, Hsin-Yi and Liang, Jyh-Chong},
  journal={Computers \& education},
  volume={62},
  pages={41--49},
  year={2013},
  publisher={Elsevier}
}

@article{VuforiaGround,
  title =        {Ground Plane User Guide},
  url =          {https://library.vuforia.com/content/vuforia-library/en/articles/Training/ground-plane-guide.html},
}

@article{hinterstoisser2011gradient,
  title={Gradient response maps for real-time detection of textureless objects},
  author={Hinterstoisser, Stefan and Cagniart, Cedric and Ilic, Slobodan and Sturm, Peter and Navab, Nassir and Fua, Pascal and Lepetit, Vincent},
  journal={IEEE transactions on pattern analysis and machine intelligence},
  volume={34},
  number={5},
  pages={876--888},
  year={2011},
  publisher={IEEE}
}

@inproceedings{brachmann2016uncertainty,
  title={Uncertainty-driven 6d pose estimation of objects and scenes from a single rgb image},
  author={Brachmann, Eric and Michel, Frank and Krull, Alexander and Ying Yang, Michael and Gumhold, Stefan and others},
  booktitle={Proceedings of the IEEE Conference on Computer Vision and Pattern Recognition},
  pages={3364--3372},
  year={2016}
}

@article{prisacariu2012pwp3d,
  title={PWP3D: Real-time segmentation and tracking of 3D objects},
  author={Prisacariu, Victor A and Reid, Ian D},
  journal={International journal of computer vision},
  volume={98},
  number={3},
  pages={335--354},
  year={2012},
  publisher={Springer}
}

@article{hexner20162d,
  title={2d-3d pose estimation of heterogeneous objects using a region based approach},
  author={Hexner, Jonathan and Hagege, Rami R},
  journal={International Journal of Computer Vision},
  volume={118},
  number={1},
  pages={95--112},
  year={2016},
  publisher={Springer}
}

@article{kehl2016hashmod,
  title={Hashmod: A hashing method for scalable 3D object detection},
  author={Kehl, Wadim and Tombari, Federico and Navab, Nassir and Ilic, Slobodan and Lepetit, Vincent},
  journal={arXiv preprint arXiv:1607.06062},
  year={2016}
}

@inproceedings{rios2013discriminatively,
  title={Discriminatively trained templates for 3d object detection: A real time scalable approach},
  author={Rios-Cabrera, Reyes and Tuytelaars, Tinne},
  booktitle={Proceedings of the IEEE International Conference on Computer Vision},
  pages={2048--2055},
  year={2013}
}

@article{lowe2004distinctive,
  title={Distinctive image features from scale-invariant keypoints},
  author={Lowe, David G},
  journal={International journal of computer vision},
  volume={60},
  number={2},
  pages={91--110},
  year={2004},
  publisher={Springer}
}

@inproceedings{lowe2001local,
  title={Local feature view clustering for 3D object recognition},
  author={Lowe, David G},
  booktitle={Proceedings of the 2001 IEEE Computer Society Conference on Computer Vision and Pattern Recognition. CVPR 2001},
  volume={1},
  pages={I--I},
  year={2001},
  organization={IEEE}
}

@article{mian2010repeatability,
  title={On the repeatability and quality of keypoints for local feature-based 3d object retrieval from cluttered scenes},
  author={Mian, Ajmal and Bennamoun, Mohammed and Owens, Robyn},
  journal={International Journal of Computer Vision},
  volume={89},
  number={2-3},
  pages={348--361},
  year={2010},
  publisher={Springer}
}

@inproceedings{tejani2014latent,
  title={Latent-class hough forests for 3D object detection and pose estimation},
  author={Tejani, Alykhan and Tang, Danhang and Kouskouridas, Rigas and Kim, Tae-Kyun},
  booktitle={European Conference on Computer Vision},
  pages={462--477},
  year={2014},
  organization={Springer}
}

@inproceedings{kehl2016deep,
  title={Deep learning of local RGB-D patches for 3D object detection and 6D pose estimation},
  author={Kehl, Wadim and Milletari, Fausto and Tombari, Federico and Ilic, Slobodan and Navab, Nassir},
  booktitle={European Conference on Computer Vision},
  pages={205--220},
  year={2016},
  organization={Springer}
}

@inproceedings{held20123d,
  title={3D puppetry: a kinect-based interface for 3D animation.},
  author={Held, Robert and Gupta, Ankit and Curless, Brian and Agrawala, Maneesh},
  booktitle={UIST},
  pages={423--434},
  year={2012},
  organization={Citeseer}
}

@article{ren2017real,
  title={Real-time tracking of single and multiple objects from depth-colour imagery using 3d signed distance functions},
  author={Ren, Carl Yuheng and Prisacariu, Victor Adrian and K{\"a}hler, Olaf and Reid, Ian D and Murray, David W},
  journal={International Journal of Computer Vision},
  volume={124},
  number={1},
  pages={80--95},
  year={2017},
  publisher={Springer}
}

@article{LSLTutorial,
  title =  {LSL Tutorial},
  url ={http://wiki.secondlife.com/wiki/Help:Getting_started_with_LSL},
}

@article{zhong2014domain,
  title={A domain-oriented end-user design environment for generating interactive 3D virtual chemistry experiments},
  author={Zhong, Ying and Liu, Chang},
  journal={Multimedia tools and applications},
  volume={72},
  number={3},
  pages={2895--2924},
  year={2014},
  publisher={Springer}
}

@article{OxfordChe,
  title =  {Oxford Chemistry Application},
  url ={http://www.chem.ox.ac.uk/vrchemistry/},
}

@inproceedings{ali2014effect,
  title={The effect of multimodal virtual chemistry laboratory on students’ learning improvement},
  author={Ali, Numan and Ullah, Sehat and Rabbi, Ihsan and Alam, Aftab},
  booktitle={International Conference on Augmented and Virtual Reality},
  pages={65--76},
  year={2014},
  organization={Springer}
}

@article{daineko2017using,
  title={Using virtual laboratories in teaching natural sciences: An example of physics courses in university},
  author={Daineko, Yevgeniya and Dmitriyev, Viktor and Ipalakova, Madina},
  journal={Computer Applications in Engineering Education},
  volume={25},
  number={1},
  pages={39--47},
  year={2017},
  publisher={Wiley Online Library}
}

@Inproceedings{Ren_3DV_2014,
author={Ren, C.Y. and Prisacariu, V. and Kaehler, O. and Reid, I. and Murray, D.},
booktitle={3D Vision (3DV), 2014 2nd International Conference on},
title={3D Tracking of Multiple Objects with Identical Appearance Using RGB-D Input},
year={2014},
month={Dec},
volume={1},
pages={47-54}
}

@Inproceedings{star3d_iccv_2013, 
author={Ren, C.Y. and Prisacariu, V. and Murray, D. and Reid, I.}, 
booktitle={Computer Vision (ICCV), 2013 IEEE International Conference on}, 
title={STAR3D: Simultaneous Tracking and Reconstruction of 3D Objects Using RGB-D Data}, 
year={2013}, 
month={Dec}, 
pages={1561-1568}, 
}

@misc{iai_kinect2,
  author = {Wiedemeyer, Thiemo},
  title = {{IAI Kinect2}},
  organization = {Institute for Artificial Intelligence},
  address = {University Bremen},
  year = {2014 -- 2015},
  howpublished = {\url{https://github.com/code-iai/iai\_kinect2}},
  note = {Accessed June 12, 2015}
}

@misc{libfreenect2,
  doi = {10.5281/zenodo.50641},
  url = {https://zenodo.org/record/50641},
  author = {{Lingzhu Xiang} and Echtler,  Florian and Kerl,  Christian and Wiedemeyer,  Thiemo and {,  Lars} and {Hanyazou} and Gordon,  Ryan and Facioni,  Francisco and {Laborer2008} and Wareham,  Rich and Goldhoorn,  Matthias and {Alberth} and {Gaborpapp} and Fuchs,  Steffen and {Jmtatsch} and Blake,  Joshua and {,  Federico} and Jungkurth,  Henning and Mingze,  Yuan and {Vinouz} and Coleman,  Dave and Burns,  Brendan and Rawat,  Rahul and Mokhov,  Serguei and Reynolds,  Paul and {P.E. Viau} and Fraissinet-Tachet,  Matthieu and {Ludique} and Billingham,  James and {,  Alistair}},
  title = {Libfreenect2: Release 0.2},
  publisher = {Zenodo},
  year = {2016}
}

@article{artech,
  title={Here’s What It’s Going to Take For Augmented Reality to Take Over The World},
  author={Andrew Kemendo},
  year={2017},
  url={https://virtualrealitypop.com/heres-what-it-s-going-to-take-for-augmented-reality-to-take-over-the-world-275db4aabe7}
}

@article{Unity,
  title =  {Unity3d Engine},
  url ={https://unity3d.com/unity},
}

@article{Vuforia,
  title =  {Vuforia Developer Website},
  url ={https://developer.vuforia.com/},
}

@article{Android,
  title =  {Android Studio and SDK Website},
  url ={https://developer.android.com/studio},
}

@article{CUDARef,
  title =  {Cuda Toolkit },
  url ={https://developer.nvidia.com/cuda-toolkit},
}

@misc{Protobuf,
  author = {2008 Google Inc},
  title = {protobuf},
  year = {2018},
  publisher = {GitHub},
  journal = {GitHub repository},
  url = {https://github.com/protocolbuffers/protobuf/releases}
}

@misc{ProtobufNet,
  author = {mgravell},
  title = {protobuf-net},
  year = {2018},
  publisher = {GitHub},
  journal = {GitHub repository},
  url = {https://github.com/mgravell/protobuf-net/releases}
}

@misc{Openni,
  author = {openni},
  title = {openni},
  year = {2013},
  publisher = {GitHub},
  journal = {GitHub repository},
  url = {https://github.com/OpenNI/OpenNI/releases}
}

@book{Meta_CN,
  title = {电磁超介质及其应用},
  address = {北京},
  publisher = {国防工业出版社},
  year = {2008},
  author = {崔万照 and 马伟 and 邱乐德 and 张洪太}
}

@book{JohnD,
  title = {Photonic Crystals: Molding the Flow of Light},
  publisher = {Princeton University Press},
  year = {2008},
  author = {Joannopoulos, J. D. and Johnson, S. G. and Winn, J. N.}
}

@book{IEEE-1363,
  author={IEEE Std 1363-2000},
  title={IEEE Standard Specifications for Public-Key Cryptography},
  address={New York},
  publisher={IEEE},
  year={2000}
}

@article{chen2007act,
  author = {Chen, H. and Chan, C. T.},
  title = {Acoustic cloaking in three dimensions using acoustic metamaterials},
  journal = {Applied Physics Letters},
  year = {2007},
  volume = {91},
  pages = {183518},
  publisher = {AIP}
}

@article{chen2007ewi,
  author = {Chen, H. and Wu, B. I. and Zhang, B. and Kong, J. A.},
  title = {Electromagnetic Wave Interactions with a Metamaterial Cloak},
  journal = {Physical Review Letters},
  year = {2007},
  volume = {99},
  pages = {63903},
  number = {6},
  publisher = {APS}
}


@inproceedings{kocher99,
  author={C. Kocher and J. Jaffe and B. Jun},
  title={Differential Power Analysis},
  editor={M. Wiener},
  booktitle={Advances in Cryptology ({CRYPTO}~'99)},
  series={Lecture Notes in Computer Science},
  volume={1666},
  pages={388-397},
  publisher={Springer-Verlag},
  month={9},
  year={1999}
}

@incollection{Krasnogor2004e,
  AUTHOR = {N. Krasnogor},
  TITLE = {Towards robust memetic algorithms},
  BOOKTITLE = {Recent Advances in Memetic Algorithms},
  PUBLISHER = {Springer Berlin Heidelberg},
  YEAR = {2004},
  PAGES = {185-207},
  EDITOR = {W.E. Hart and N. Krasnogor and J.E. Smith},
  VOLUME = {166},
  SERIES = {Studies in Fuzziness and Soft Computing},  
  ADDRESS = {New York},  
}

@incollection{zjsw,
  AUTHOR = {班固},
  TITLE = {苏武传},
  BOOKTITLE = {传记散文英华},
  PUBLISHER = {湖北人民出版社},
  YEAR = {1998},  
  PAGES = {65-69},
  EDITOR = {郑在瀛 and 汪超宏 and 周文复},
  VOLUME = {2},
  SERIES = {新古文观止丛书},  
  ADDRESS = {武汉},
}


@inbook{clzs,
  AUTHOR = {阎真},
  TITLE = {沧浪之水},
  CHAPTER = {大人物还是讲人情的},
  PAGES = {185-207},
  PUBLISHER = {人民文学出版社},
  YEAR = {2001},
}

@book{tex,
 author    = {Donald E. Knuth},
 title     = {The {\TeX} Book},
 publisher = {Addison-Wesley Publishing Company},
 address   = {Reading, MA},
 year      = 1989,
 edition   = {15th},
}

@book{companion,
 author    = {Michel Goosens and Frank Mittelbach and Alexander Samarin},
 title     = {The {\LaTeX} Companion},
 publisher = {Addison-Wesley Publishing Company},
 address   = {Reading, MA},
 PAGES = {112--125},
 year      = 1994,
}

@article{ELIDRISSI94,
  AUTHOR =       {{Chafik El Idrissi}, M. and {Roney}, A. and {Frigon}, C. and
                  {Larzilli{\`e}re}, M.},
  TITLE =        {Measurements of total kinetic-energy released to the {$N=2$}
                  dissociation limit of {H}$_2$ --- evidence of the dissociation
                  of very high vibrational {R}ydberg states of {H}$_2$ by
                  doubly-excited states},
  JOURNAL =      {Chemical Physics Letters},
  PAGES =        {260-266},
  VOLUME =       224,
  NUMBER =       10,
  YEAR =         1994,
}

@ARTICLE{MELLINGER96,
  AUTHOR =       {Mellinger, A. and Vidal, C. R. and Jungen, Ch.},
  TITLE =        {Laser reduced fluorescence study of the carbon-monoxide nd
                  triplet {R}ydberg series-experimental results and multichannel
                  quantum-defect analysis},
  JOURNAL =      {J. Chem. Phys.},
  PAGES =        {8913-8921},
  VOLUME =       104,
  NUMBER =       5,
  YEAR =         1996,
}

@ARTICLE{SHELL02,
  AUTHOR =       {Michael Shell},
  TITLE =        {How to Use the {IEEEtran \LaTeX} Class},
  JOURNAL =      {Journal of {\LaTeX} Class Files},
  YEAR =         2002,
  VOLUME =       12,
  NUMBER =       4,
  PAGES =        {100--120}
}

@TechReport{NPB2,
  title =        {The {NAS} Parallel Benchmarks 2.0},
  author =       {Alex Woo and David Bailey and Maurice Yarrow and Wijngaart
                  Wijngaart and Tim Harris and William Saphir},
  year =         1995,
  month =        12,
  institution =  {The Pennsylvania State University CiteSeer Archives},
  url =          {http://www.nasa.org/}
}

@INPROCEEDINGS{DPMG,
  author =       {Kim, Sangbum and Woo, Namyoon and Yeom, Heon Y. and Park,
                  Taesoon and Park, Hyoungwoo},
  title =        {Design and {I}mplementation of {D}ynamic {P}rocess
                  {M}anagement for {G}rid-enabled {MPICH}},
  booktitle =    {the 10th European PVM/MPI Users' Group Conference},
  year =         2003,
  address =      {Venice, Italy},
  month =        sep,
}

@INPROCEEDINGS{cnproceed,
  author =       {王重阳 and 黄药师 and 欧阳峰 and 洪七公 and 段皇帝},
  title =        {武林高手论文集},
  booktitle =    {第~$N$~次华山论剑},
  year =         2006,
  address =      {西安, 中国},
  publisher = {中国古籍出版社},
  month =        sep,
}

@ARTICLE{cnarticle,
  AUTHOR =       {贾宝玉 and 林黛玉 and 薛宝钗 and 贾探春},
  TITLE =        {论刘姥姥食量大如牛之现实意义},
  JOURNAL =      {红楼梦杂谈},
  PAGES =        {260--266},
  VOLUME =       224,
  YEAR =         1800,
}

@thesis{zhubajie,
  author =       {猪八戒},
  title =        {论流体食物的持久保存},
  school =       {广寒宫大学},
  year =         2005,
  address =      {北京},
}

@thesis{shaheshang,
  title =        {论流沙河的综合治理},
  author =       {沙和尚},
  school =       {清华大学},
  year =         2005,
  address =      {北京},
}

@thesis{metamori2004,
  author =       {Ashwin Raju Jeyakumar},
  title =        {Metamori: A library for Incremental File Checkpointing},
  school =       {Virgina Tech},
  year =         2004,
  month =        7,
  address =      {Blacksburg},
}

@thesis{FistSystem01,
  AUTHOR =       {Erez Zadok},
  TITLE =        {FiST: A System for Stackable File System Code Generation},
  YEAR =         2001,
  MONTH =        {5},
  SCHOOL =       {Computer Science Department, Columbia University},
  ADDRESS =      {USA}
}

@INBOOK{ColdSources,
  AUTHOR =       {P. Gr{\"o}ning and L. Nilsson and P. Ruffieux and R.
                  Clergereaux and O. Gr{\"o}ning},
  TITLE =        {Encyclopedia of Nanoscience and Nanotechnology},
  pages =        {547--579},
  PUBLISHER =    {American Scientific Publishers},
  YEAR =         2004,
  volume =       1,
}

@phdthesis{bai2008,
	title={信用风险传染模型和信用衍生品的定价},
	author={白云芬},
	year={2008},
	school={上海交通大学},
	address={上海},
}


%萧钰.出版业信息化迈人快车道[EB/OL]. (2001-12-19)[2002-04-15]. http://www.creader.com/news/20011219/200112190019. html.
@article{xiaoyu2001,
  author =       {萧钰},
  title =        {出版业信息化迈人快车道},
  year =         {2001},
  TypeofLit =    {EB/OL},
  modifydate =   {2001-12-19},
  citedate =     {2002-04-15},
  url =          {http://www.creader.com/news/20011219/200112190019.html},
}

% 在线析出文献
@article{CHRISTINE1998,
  author =       {Christine, Mlot},
  title =        {Plant physiology: plant biology in the Genome Era},
  journal =      {Science},
  volume =       {281},
  pages =        {331-332},
  year =         {1998},
  TypeofLit =    {J/OL},
  citedate =     {1998-09-23},
  url =           {http://www.sciencemag.org/cgi/collection/anatmorp},
}

@book{RManual,
        Address = {Vienna, Austria},
        Author = {{R Core Team}},
        Note = {{ISBN} 3-900051-07-0},
        Organization = {R Foundation for Statistical Computing},
        title = {R: A Language and Environment for Statistical Computing},
        url = {http://www.R-project.org/},
        Year = {2012},
}

